<?xml version="1.0" encoding="UTF-8"?><collection xmlns="http://www.loc.gov/MARC21/slim"><record><leader>00343nam--2200133-i-4500</leader><controlfield tag="001">000025079</controlfield><controlfield tag="002">20161230</controlfield><controlfield tag="005">20161230201035</controlfield><controlfield tag="008">060222s1000------------r-----000-0-eng-d</controlfield><datafield ind1=" " ind2=" " tag="100"><subfield code="a">Durr, Karl</subfield></datafield><datafield ind1=" " ind2=" " tag="245"><subfield code="a">The propositional logic of boethius</subfield></datafield><datafield ind1=" " ind2=" " tag="260"><subfield code="a">Amsterdam, North-holland, 1951</subfield></datafield><datafield ind1=" " ind2=" " tag="490"><subfield code="a">Studies In Logic</subfield></datafield><datafield ind1=" " ind2=" " tag="852"><subfield code="a">51.01:517.1(082.1)</subfield></datafield></record></collection>